<record><leader>00000cas a22000007a 4500</leader><controlfield tag="001">10995092</controlfield><controlfield tag="008">840727d18271829nyuwr ne      0    0eng d</controlfield><datafield ind1=" " ind2=" " tag="010"><subfield code="a">sn 84031024 </subfield></datafield><datafield ind1=" " ind2=" " tag="040"><subfield code="a">NYG</subfield><subfield code="b">eng</subfield><subfield code="c">NYG</subfield><subfield code="d">DLC</subfield><subfield code="d">NPX</subfield><subfield code="d">NYS</subfield><subfield code="d">OCL</subfield><subfield code="d">OCLCF</subfield><subfield code="d">OCLCO</subfield></datafield><datafield ind1="1" ind2=" " tag="029"><subfield code="a">AU@</subfield><subfield code="b">000025800520</subfield></datafield><datafield ind1=" " ind2=" " tag="042"><subfield code="a">msc</subfield></datafield><datafield ind1="0" ind2="0" tag="050"><subfield code="a">Newspaper 8829-X</subfield></datafield><datafield ind1="0" ind2="4" tag="245"><subfield code="a">The Lake light.</subfield></datafield><datafield ind1=" " ind2=" " tag="260"><subfield code="a">Trumansburg, N.Y. :</subfield><subfield code="b">Phelps &amp; Bloomer,</subfield><subfield code="c">1827-</subfield></datafield><datafield ind1=" " ind2=" " tag="300"><subfield code="a">v. :</subfield><subfield code="b">ill. (chiefly adv.) ;</subfield><subfield code="c">53 cm.</subfield></datafield><datafield ind1=" " ind2=" " tag="310"><subfield code="a">Weekly</subfield></datafield><datafield ind1="0" ind2=" " tag="362"><subfield code="a">Vol. 1, no. 1 (Oct. 10, 1827)-</subfield></datafield><datafield ind1="1" ind2=" " tag="362"><subfield code="a">Ceased in Feb. 1829?</subfield><subfield code="z">Cf. Hamilton, M.W.  Anti-Masonic newspapers, 1826-1834.</subfield></datafield><datafield ind1=" " ind2=" " tag="500"><subfield code="a">Publishers: W.W. Phelps &amp; R.M. Bloomer, 1827-1828; Orasmus B. Clark &amp; R.M. Bloomer, 1828; Reuben St. John &amp; Orasmus B. Clark, 1828; Reuben St. John, &lt;1828&gt;.</subfield></datafield><datafield ind1=" " ind2=" " tag="500"><subfield code="a">"Anti-Masonic."</subfield></datafield><datafield ind1=" " ind2="0" tag="651"><subfield code="a">Trumansburg (N.Y.)</subfield><subfield code="v">Newspapers.</subfield></datafield><datafield ind1=" " ind2="7" tag="655"><subfield code="a">Newspapers.</subfield><subfield code="2">fast</subfield><subfield code="0">(OCoLC)fst01423814</subfield></datafield><datafield ind1=" " ind2="7" tag="651"><subfield code="a">New York (State)</subfield><subfield code="z">Trumansburg.</subfield><subfield code="2">fast</subfield><subfield code="0">(OCoLC)fst01233036</subfield></datafield><datafield ind1=" " ind2=" " tag="752"><subfield code="a">United States</subfield><subfield code="b">New York</subfield><subfield code="c">Tompkins</subfield><subfield code="d">Trumansburg.</subfield></datafield><datafield ind1="0" ind2="0" tag="785"><subfield code="t">Anti-Masonic sentinel</subfield><subfield code="w">(DLC)sn 84031025</subfield></datafield></record>